@misc{Gerhard03,
    author = {D. Gerhard},
    title = {Audio Signal Classification: History and Current Techniques},
    school = {Department of Computer Science, University of Regina, Regina, Saskatchewan, Canada},
    year = {2003},
}

@misc{Deecke05,
    author = {V. B. Deecke y V. M. Janik},
    title = {Automated categorization of bioacoustic signals: Avoiding perceptual pitfalls},
    year = {2005},
}

@article{Dunkel06,
    author = {S. Dünkel, K. Kelber y C. Hernández Franco},
    title = {Identification of singing birds based on the analysis of their sounds},
    journal = {de 51st Internationales Wissenschaftliches Kolloquium, Technische Universität Ilmenau},
    year = {2006},
}

@article{Ilyas14,
    author = {P. Ilyas},
    title = {Automatic Classification of a Taxon-Rich Community Recorded in the Wild},
    journal = {PLoS ONE},
    year = {2014},
}

@article{Lasseck14,
    author = {M. Lasseck},
    title = {Large-scale identification of birds in audio recordings. Notes on the winning solution of the LifeCLEF 2014 Bird Task},
    journal = {Animal Sound Archive, Museum für Naturkunde Berlin},
}

@article{Oliveira15,
    author = {A. G. de Oliveira and T. M. Ventura and T. D. Ganchev and J. M. de Figueiredo and O. Jahn and M. I. Marques and K.-L. Schuchmann},
    title = {Bird acoustic activity detection based on morphological filtering of the spectrogram},
    journal = {Applied Acoustics},
    pages = {34-42},
    year = {2015},
}

@article{Stowell14,
    author = {D. Stowell and M. D. Plumbley},
    title = {Automatic large-scale classification of bird sounds is strongly improved by supervised feature learning},
    journal = {Centre for Digital Music, Queen Mary University of London},
    year = {2014},
}

@article{Heinicke15,
    author = {S. Heinicke and A. K. Kalan and O. J. Wagner and R. Mundry and H. Lukashevich and H. S. Kühl},
    title = {Assessing the performance of a semi-automated acoustic monitoring system for primates},
    journal = {Methods in Ecology and Evolution},
    pages = {753-763},
    year = {2015},
}

@book{Murphy12,
    author = {K. P. Murphy},
    title = {Machine Learning: A Probabilistic Perspective},
    publisher = {The MIT Press},
    year = {2012},
}

%TODO Check authors
@book{Aggarawal13,
    author = {C. C. Aggarawal and C. K. Reddy},
    title = {Data Clustering: Algorithms and Applications},
    publisher = {CRC Press},
    year = {2013},
}

@book{Manning08,
    author = {C. D. Manning and P. Raghavan and H. Schutze},
    title = {Introduction to Information Retrieval},
    publisher = {Cambridge University Press},
    year = {2008},
    volume = {1},
}

@article{Selim84,
    author = {S. Z. Selim and M. A. Ismail},
    title = {K-Means-type algorithms: A generalized convergence theorem and characterization of local optimality},
    journal = {IEEE Transactions on Pattern Analysis and Machine Intelligence},
    year = {1984},
    pages = {81-87},
}